<marcxml:record xmlns:xlink="http://www.w3.org/1999/xlink" xmlns:marcxml="http://www.loc.gov/MARC21/slim" xmlns:mets="http://www.loc.gov/METS/" xmlns:mxe="http://www.loc.gov/mxe" xmlns:rdf="http://www.w3.org/1999/02/22-rdf-syntax-ns#" xmlns:rdfs="http://www.w3.org/2000/01/rdf-schema#" xmlns:skos="http://www.w3.org/2004/02/skos/core#" xmlns:madsrdf="http://www.loc.gov/mads/rdf/v1#" xmlns:ri="http://id.loc.gov/ontologies/RecordInfo#" xmlns:sem="http://marklogic.com/semantics">
  <marcxml:leader>01716cz  a2200289n  4500</marcxml:leader>
  <marcxml:controlfield tag="001">no89010345</marcxml:controlfield>
  <marcxml:controlfield tag="003">DLC</marcxml:controlfield>
  <marcxml:controlfield tag="005">20091218075401.0</marcxml:controlfield>
  <marcxml:controlfield tag="008">890726n| acannaabn          |b ana     c</marcxml:controlfield>
  <marcxml:datafield tag="010" ind1=" " ind2=" ">
    <marcxml:subfield code="a">no 89010345 </marcxml:subfield>
  </marcxml:datafield>
  <marcxml:datafield tag="035" ind1=" " ind2=" ">
    <marcxml:subfield code="a">(OCoLC)oca02568625</marcxml:subfield>
  </marcxml:datafield>
  <marcxml:datafield tag="040" ind1=" " ind2=" ">
    <marcxml:subfield code="a">InU</marcxml:subfield>
    <marcxml:subfield code="b">eng</marcxml:subfield>
    <marcxml:subfield code="c">InU</marcxml:subfield>
    <marcxml:subfield code="d">InU</marcxml:subfield>
    <marcxml:subfield code="d">CLU-AR</marcxml:subfield>
  </marcxml:datafield>
  <marcxml:datafield tag="110" ind1="2" ind2=" ">
    <marcxml:subfield code="a">Musée du Bardo (Algiers, Algeria)</marcxml:subfield>
  </marcxml:datafield>
  <marcxml:datafield tag="410" ind1="2" ind2=" ">
    <marcxml:subfield code="a">Musée du Bardo d'Alger</marcxml:subfield>
  </marcxml:datafield>
  <marcxml:datafield tag="410" ind1="1" ind2=" ">
    <marcxml:subfield code="w">nnaa</marcxml:subfield>
    <marcxml:subfield code="a">Algiers (City).</marcxml:subfield>
    <marcxml:subfield code="b">Musée du Bardo</marcxml:subfield>
  </marcxml:datafield>
  <marcxml:datafield tag="410" ind1="2" ind2=" ">
    <marcxml:subfield code="a">Le Bardo Museum of Ethnography and Prehistory (Algiers, Algeria)</marcxml:subfield>
  </marcxml:datafield>
  <marcxml:datafield tag="410" ind1="2" ind2=" ">
    <marcxml:subfield code="a">Bardo Museum of Ethnography and Prehistory (Algiers, Algeria)</marcxml:subfield>
  </marcxml:datafield>
  <marcxml:datafield tag="410" ind1="2" ind2=" ">
    <marcxml:subfield code="a">Musée national du Bardo (Algiers, Algeria)</marcxml:subfield>
  </marcxml:datafield>
  <marcxml:datafield tag="410" ind1="2" ind2=" ">
    <marcxml:subfield code="a">Matḥaf al-Waṭanī al-Bārdū (Algiers, Algeria)</marcxml:subfield>
  </marcxml:datafield>
  <marcxml:datafield tag="410" ind1="2" ind2=" ">
    <marcxml:subfield code="a">متحف الوطني الباردو (Algiers, Algeria)</marcxml:subfield>
  </marcxml:datafield>
  <marcxml:datafield tag="667" ind1=" " ind2=" ">
    <marcxml:subfield code="a">Old catalog heading: Algiers (City). Musée du Bardo.</marcxml:subfield>
  </marcxml:datafield>
  <marcxml:datafield tag="667" ind1=" " ind2=" ">
    <marcxml:subfield code="a">Non-Latin script reference not evaluated.</marcxml:subfield>
  </marcxml:datafield>
  <marcxml:datafield tag="670" ind1=" " ind2=" ">
    <marcxml:subfield code="a">Its Les costumes feminins de Tunisie, 1983:</marcxml:subfield>
    <marcxml:subfield code="b">t.p. (Musée du Bardo d'Alger)</marcxml:subfield>
  </marcxml:datafield>
  <marcxml:datafield tag="670" ind1=" " ind2=" ">
    <marcxml:subfield code="a">Directory of world museums, 1981:</marcxml:subfield>
    <marcxml:subfield code="b">p. 2 (Le Bardo Museum of Ethnography and Prehistory, Algiers)</marcxml:subfield>
  </marcxml:datafield>
  <marcxml:datafield tag="670" ind1=" " ind2=" ">
    <marcxml:subfield code="a">Museums of the world, 1981:</marcxml:subfield>
    <marcxml:subfield code="b">p. 1 (Musée du Bardo, Alger)</marcxml:subfield>
  </marcxml:datafield>
  <marcxml:datafield tag="670" ind1=" " ind2=" ">
    <marcxml:subfield code="a">al-Jazāʼir, 2004:</marcxml:subfield>
    <marcxml:subfield code="b">t.p.(Wizārat al-Ittiṣāl wa-al-Thaqāfah, al-Matḥaf al-Waṭanī al-Bārdū = وزارة الاتصال والثقافة، المتحف الوطني الباردو) added t.p. (Ministère de la communication et de culture, Musée national du Bardo)</marcxml:subfield>
  </marcxml:datafield>
  <marcxml:datafield tag="670" ind1=" " ind2=" ">
    <marcxml:subfield code="a">Wizārat al-Thaqāfah, al-Jumhūrīyah al-Jazāʼirīyah al-Dīmūqrāṭīyah al-Shaʻbīyah WWW site, Sep. 9, 2009</marcxml:subfield>
    <marcxml:subfield code="b">(al-Matḥaf al-Waṭanī al-Bārdū = المتحف الوطني الباردو f. 1930)</marcxml:subfield>
  </marcxml:datafield>
</marcxml:record>
